@article{NilssonTSP,
  author    = {Christian Nilsson},
  title     = {Heuristics for the Traveling Salesman Problem},
  journal   = {Link√∂ping University},
  year      = {},
  url       = {},
}